

@misc{fastly2016,
  key =           {Modern Network Design},
  month =         {November},
  note =          {Available at
  \url{https://www.fastly.com/products/modern-network-design}, accessed
  02/17/17},
  title =         {Modern Network Design},
  year =          {2016},
}

@misc{wikivarnish,
  author =        {Emanuele Rocca},
  month =         {June},
  note =          {Available at
  \url{https://www.mediawiki.org/wiki/File:WMF_Traffic_Varnishcon_2016.pdf},
  accessed 09/12/16},
  title =         {Running {Wikipedia.org}},
  year =          {2016},
}

@incollection{sitaraman2014overlay,
  author =        {Sitaraman, Ramesh K. and Kasbekar, Mangesh and
                   Lichtenstein, Woody and Jain, Manish},
  booktitle =     {Advanced Content Delivery, Streaming, and Cloud
                   Services},
  publisher =     {John Wiley \& Sons},
  title =         {Overlay networks: An {Akamai} perspective},
  year =          {2014},
}

@article{NygrenSS10,
  author =        {Nygren, E. and Sitaraman, Ramesh K. and Sun, J.},
  journal =       {ACM SIGOPS Operating Systems Review},
  number =        {3},
  pages =         {2--19},
  publisher =     {ACM},
  title =         {{The Akamai Network: A platform for high-performance
                   Internet applications}},
  volume =        {44},
  year =          {2010},
}

@inproceedings{li2015architecting,
  author =        {Li, Sheng and Lim, Hyeontaek and Lee, Victor W and
                   Ahn, Jung Ho and Kalia, Anuj and Kaminsky, Michael and
                   Andersen, David G and Seongil, O and Lee, Sukhan and
                   Dubey, Pradeep},
  booktitle =     {ACM ISCA},
  pages =         {476--488},
  title =         {Architecting to achieve a billion requests per second
                   throughput on a single key-value store server
                   platform},
  year =          {2015},
}

@inproceedings{lim2014mica,
  author =        {Lim, Hyeontaek and Han, Dongsu and Andersen, David G and
                   Kaminsky, Michael},
  booktitle =     {USENIX NSDI},
  pages =         {429--444},
  title =         {{MICA}: A holistic approach to fast in-memory
                   key-value storage},
  year =          {2014},
}

@inproceedings{fan2013memc3,
  author =        {Fan, Bin and Andersen, David G and Kaminsky, Michael},
  booktitle =     {USENIX NSDI},
  pages =         {371--384},
  title =         {{MemC3}: Compact and concurrent memcache with dumber
                   caching and smarter hashing},
  year =          {2013},
}

@article{kamp2010you,
  author =        {Kamp, Poul-Henning},
  journal =       {Communications of the ACM},
  number =        {7},
  pages =         {55--59},
  title =         {You're doing it wrong},
  volume =        {53},
  year =          {2010},
}

@inproceedings{cidon2016cliffhanger,
  author =        {Cidon, Asaf and Eisenman, Assaf and
                   Alizadeh, Mohammad and Katti, Sachin},
  booktitle =     {USENIX NSDI},
  pages =         {379--392},
  title =         {Cliffhanger: Scaling Performance Cliffs in Web Memory
                   Caches},
  year =          {2016},
}

@article{maggs2015algorithmic,
  author =        {Maggs, Bruce M and Sitaraman, Ramesh K},
  journal =       {ACM SIGCOMM CCR},
  pages =         {52--66},
  title =         {Algorithmic nuggets in content delivery},
  volume =        {45},
  year =          {2015},
}

@inproceedings{gast2015transient,
  author =        {Gast, Nicolas and Van Houdt, Benny},
  booktitle =     {ACM SIGMETRICS},
  pages =         {123--136},
  title =         {Transient and steady-state regime of a family of
                   list-based cache replacement algorithms},
  year =          {2015},
}

@inproceedings{hu2015lama,
  author =        {Hu, Xiameng and Wang, Xiaolin and Li, Yechen and
                   Zhou, Lan and Luo, Yingwei and Ding, Chen and
                   Jiang, Song and Wang, Zhenlin},
  booktitle =     {USENIX ATC},
  pages =         {57--69},
  title =         {{LAMA}: Optimized locality-aware memory allocation
                   for key-value cache},
  year =          {2015},
}

@inproceedings{cidon2015dynacache,
  author =        {Cidon, Asaf and Eisenman, Assaf and
                   Alizadeh, Mohammad and Katti, Sachin},
  booktitle =     {USENIX HotCloud},
  title =         {Dynacache: dynamic cloud caching},
  year =          {2015},
}

@inproceedings{einziger2014tinylfu,
  author =        {Einziger, Gil and Friedman, Roy},
  booktitle =     {IEE Euromicro PDP},
  pages =         {146--153},
  title =         {Tinylfu: A highly efficient cache admission policy},
  year =          {2014},
}

@inproceedings{huang2013analysis,
  author =        {Huang, Qi and Birman, Ken and van Renesse, Robbert and
                   Lloyd, Wyatt and Kumar, Sanjeev and Li, Harry C},
  booktitle =     {ACM SOSP},
  pages =         {167--181},
  title =         {An analysis of {Facebook} photo caching},
  year =          {2013},
}

@inproceedings{park2006cflru,
  author =        {Park, Seon-yeong and Jung, Dawoon and Kang, Jeong-uk and
                   Kim, Jin-soo and Lee, Joonwon},
  booktitle =     {ACM/IEEE CASES},
  pages =         {234--241},
  title =         {{CFLRU}: a replacement algorithm for flash memory},
  year =          {2006},
}

@inproceedings{jiang2005clock,
  author =        {Jiang, Song and Chen, Feng and Zhang, Xiaodong},
  booktitle =     {USENIX ATC},
  pages =         {323--336},
  title =         {{CLOCK-Pro}: An Effective Improvement of the CLOCK
                   Replacement.},
  year =          {2005},
}

@inproceedings{bansal2004car,
  author =        {Bansal, Sorav and Modha, Dharmendra S},
  booktitle =     {{USENIX} FAST},
  pages =         {187--200},
  title =         {{CAR}: Clock with Adaptive Replacement.},
  volume =        {4},
  year =          {2004},
}

@inproceedings{megiddo2003arc,
  author =        {Megiddo, Nimrod and Modha, Dharmendra S},
  booktitle =     {USENIX FAST},
  pages =         {115--130},
  title =         {{ARC}: A Self-Tuning, Low Overhead Replacement
                   Cache.},
  volume =        {3},
  year =          {2003},
}

@article{jiang2002lirs,
  author =        {Jiang, Song and Zhang, Xiaodong},
  journal =       {ACM SIGMETRICS},
  number =        {1},
  pages =         {31--42},
  title =         {{LIRS}: an efficient low inter-reference recency set
                   replacement policy to improve buffer cache
                   performance},
  volume =        {30},
  year =          {2002},
}

@article{bahn2002efficient,
  author =        {Bahn, Hyokyung and Koh, Kern and Noh, Sam H and
                   Lyul, SM},
  journal =       {IEEE Computer},
  number =        {6},
  pages =         {65--73},
  title =         {Efficient replacement of nonuniform objects in web
                   caches},
  volume =        {35},
  year =          {2002},
}

@inproceedings{zhou2001multi,
  author =        {Zhou, Yuanyuan and Philbin, James and Li, Kai},
  booktitle =     {USENIX ATC},
  pages =         {91--104},
  title =         {The Multi-Queue Replacement Algorithm for Second
                   Level Buffer Caches.},
  year =          {2001},
}

@inproceedings{cherkasova2001role,
  author =        {Cherkasova, Ludmila and Ciardo, Gianfranco},
  booktitle =     {High-Performance Computing and Networking},
  pages =         {114--123},
  title =         {Role of aging, frequency, and size in web cache
                   replacement policies},
  year =          {2001},
}

@article{jin2001greedydual,
  author =        {Jin, Shudong and Bestavros, Azer},
  journal =       {Computer Communications},
  pages =         {174--183},
  title =         {{GreedyDual*} Web caching algorithm: exploiting the
                   two sources of temporal locality in Web request
                   streams},
  volume =        {24},
  year =          {2001},
}

@article{starobinski2001probabilistic,
  author =        {Starobinski, David and Tse, David},
  journal =       {Perform. Eval.},
  pages =         {125--137},
  title =         {Probabilistic methods for web caching},
  volume =        {46},
  year =          {2001},
}

@article{rizzo2000replacement,
  author =        {Rizzo, Luigi and Vicisano, Lorenzo},
  journal =       {IEEE/ACM TON},
  pages =         {158--170},
  title =         {Replacement policies for a proxy cache},
  volume =        {8},
  year =          {2000},
}

@article{arlitt2000evaluating,
  author =        {Arlitt, Martin and Cherkasova, Ludmila and
                   Dilley, John and Friedrich, Rich and Jin, Tai},
  journal =       {Performance Evaluation Review},
  number =        {4},
  pages =         {3--11},
  title =         {Evaluating content management techniques for web
                   proxy caches},
  volume =        {27},
  year =          {2000},
}

@techreport{shah20101,
  author =        {Shah, Ketan and Mitra, Anirban and Matani, Dhruv},
  institution =   {Stony Brook University},
  title =         {An {O}(1) algorithm for implementing the {LFU} cache
                   eviction scheme},
  year =          {2010},
}

@inproceedings{lee1999existence,
  author =        {Lee, Donghee and Choi, Jongmoo and Kim, Jong-Hun and
                   Noh, Sam H and Min, Sang Lyul and Cho, Yookun and
                   Kim, Chong Sang},
  booktitle =     {ACM SIGMETRICS},
  pages =         {134--143},
  title =         {On the existence of a spectrum of policies that
                   subsumes the least recently used ({LRU}) and least
                   frequently used ({LFU}) policies},
  volume =        {27},
  year =          {1999},
}

@article{aggarwal1999caching,
  author =        {Aggarwal, Charu and Wolf, Joel L and Yu, Philip S},
  journal =       {IEEE Transactions on Knowledge and Data Engineering},
  number =        {1},
  pages =         {94--107},
  title =         {Caching on the world wide web},
  volume =        {11},
  year =          {1999},
}

@inproceedings{cao1997cost,
  author =        {Cao, Pei and Irani, Sandy},
  booktitle =     {{USENIX} symposium on {Internet} technologies and
                   systems},
  pages =         {193--206},
  title =         {Cost-Aware {WWW} Proxy Caching Algorithms.},
  volume =        {12},
  year =          {1997},
}

@article{wooster1997proxy,
  author =        {Wooster, Roland P and Abrams, Marc},
  journal =       {Computer Networks and ISDN Systems},
  number =        {8},
  pages =         {977--986},
  title =         {Proxy caching that estimates page load delays},
  volume =        {29},
  year =          {1997},
}

@inproceedings{abrams1996removal,
  author =        {Abrams, Marc and Standridge, Charles R and
                   Abdulla, Ghaleb and Fox, Edward A and
                   Williams, Stephen},
  booktitle =     {ACM SIGCOMM},
  pages =         {293--305},
  title =         {Removal policies in network caches for {World-Wide
                   Web} documents},
  year =          {1996},
}

@techreport{abrams1995,
  author =        {Abrams, Marc and Standridge, C. R. and
                   Abdulla, Ghaleb and Williams, S. and Fox, Edward A.},
  institution =   {Virginia Polytechnic Institute \& State University
                   Blacksburgh, VA},
  title =         {{Caching Proxies: Limitations and Potentials}},
  year =          {1995},
}

@inproceedings{johnson19942q,
  author =        {Johnson, Theodore and Shasha, Dennis},
  booktitle =     {VLDB},
  pages =         {439--450},
  title =         {{2Q}: A Low Overhead High Performance Buffer
                   Management Replacement Algorithm},
  year =          {1994},
}

@article{o1993lru,
  author =        {O'Neil, Elizabeth J and O'Neil, Patrick E and
                   Weikum, Gerhard},
  journal =       {ACM SIGMOD},
  number =        {2},
  pages =         {297--306},
  title =         {The {LRU-K} page replacement algorithm for database
                   disk buffering},
  volume =        {22},
  year =          {1993},
}

@inproceedings{neglia2016access,
  author =        {Neglia, Giovanni and Carra, Damiano and
                   Feng, Mingdong and Janardhan, Vaishnav and
                   Michiardi, Pietro and Tsigkari, Dimitra},
  booktitle =     {IEEE ITC},
  pages =         {148--156},
  title =         {Access-time aware cache algorithms},
  volume =        {1},
  year =          {2016},
}

@article{berger2015maximizing,
  author =        {Berger, Daniel S and Henningsen, Sebastian and
                   Ciucu, Florin and Schmitt, Jens B},
  journal =       {ACM SIGMETRICS Performance Evaluation Review},
  number =        {2},
  pages =         {57--59},
  title =         {Maximizing cache hit ratios by variance reduction},
  volume =        {43},
  year =          {2015},
}

@inproceedings{saemundsson2014dynamic,
  author =        {Saemundsson, Trausti and Bjornsson, Hjortur and
                   Chockler, Gregory and Vigfusson, Ymir},
  booktitle =     {ACM SoCC},
  pages =         {1--14},
  title =         {Dynamic performance profiling of cloud caches},
  year =          {2014},
}

@article{mattson1970evaluation,
  author =        {Mattson, Richard L. and Gecsei, Jan and
                   Slutz, Donald R. and Traiger, Irving L.},
  journal =       {IBM Systems journal},
  number =        {2},
  pages =         {78--117},
  title =         {Evaluation techniques for storage hierarchies},
  volume =        {9},
  year =          {1970},
}

@inproceedings{almasi2002calculating,
  author =        {Almasi, George and Ca{\c{s}}caval, Calin and
                   Padua, David A},
  booktitle =     {ACM SIGPLAN Notices},
  pages =         {37--43},
  title =         {Calculating stack distances efficiently},
  volume =        {38},
  year =          {2002},
}

@inproceedings{wires2014characterizing,
  author =        {Wires, Jake and Ingram, Stephen and Drudi, Zachary and
                   Harvey, Nicholas JA and Warfield, Andrew},
  booktitle =     {USENIX OSDI},
  pages =         {335--349},
  title =         {Characterizing storage workloads with counter stacks},
  year =          {2014},
}

@inproceedings{waldspurger2015efficient,
  author =        {Waldspurger, Carl A and Park, Nohhyun and
                   Garthwaite, Alexander and Ahmad, Irfan},
  booktitle =     {USENIX FAST},
  pages =         {95--110},
  title =         {Efficient {MRC} construction with {SHARDS}},
  year =          {2015},
}

@inproceedings{king1971analysis,
  author =        {W. Frank King},
  booktitle =     {IFIP Congress (1)},
  pages =         {485-490},
  title =         {Analysis of Demand Paging Algorithms},
  year =          {1971},
}

@article{gelenbe1973unified,
  author =        {Gelenbe, Erol},
  journal =       {IEEE Transactions on Computers},
  pages =         {611--618},
  title =         {A unified approach to the evaluation of a class of
                   replacement algorithms},
  volume =        {100},
  year =          {1973},
}

@book{coffman1973operating,
  author =        {Coffman, Edward Grady and Denning, Peter J},
  publisher =     {Prentice-Hall},
  title =         {Operating systems theory},
  year =          {1973},
}

@article{mccabe1965serial,
  author =        {McCabe, John},
  journal =       {Operations Research},
  pages =         {609--618},
  title =         {On serial files with relocatable records},
  volume =        {13},
  year =          {1965},
}

@article{burville1973model,
  author =        {Burville, PJ and Kingman, JFC},
  journal =       {Journal of Applied Probability},
  pages =         {697--701},
  title =         {On a model for storage and search},
  year =          {1973},
}

@article{hendricks1972stationary,
  author =        {Hendricks, WJ},
  journal =       {Journal of Applied Probability},
  pages =         {231--233},
  title =         {The stationary distribution of an interesting
                   {Markov} chain},
  year =          {1972},
}

@inproceedings{dan1990,
  author =        {Dan, Asit and Towsley, Don},
  booktitle =     {ACM SIGMETRICS},
  pages =         {143--152},
  title =         {An Approximate Analysis of the {LRU} and {FIFO}
                   Buffer Replacement Schemes},
  year =          {1990},
}

@article{tsukada2012fluid,
  author =        {Tsukada, Naoki and Hirade, Ryo and Miyoshi, Naoto},
  journal =       {Perform. Eval.},
  month =         sep,
  pages =         {403--412},
  title =         {Fluid limit analysis of {FIFO} and {RR} caching for
                   independent reference model},
  volume =        {69},
  year =          {2012},
}

@article{flajolet1992birthday,
  author =        {Flajolet, Philippe and Gardy, Daniele and
                   Thimonier, Lo{\"y}s},
  journal =       {Discrete Applied Mathematics},
  pages =         {207--229},
  title =         {Birthday paradox, coupon collectors, caching
                   algorithms and self-organizing search},
  volume =        {39},
  year =          {1992},
}

@article{fill1996distribution,
  author =        {Fill, James Allen and Holst, Lars},
  journal =       {Random Structures \& Algorithms},
  pages =         {179--186},
  title =         {On the distribution of search cost for the
                   move-to-front rule},
  volume =        {8},
  year =          {1996},
}

@article{jelenkovic1999asymptotic,
  author =        {Jelenkovi{\'c}, Predrag R},
  journal =       {The Annals of Applied Probability},
  pages =         {430--464},
  title =         {Asymptotic approximation of the move-to-front search
                   cost distribution and least-recently used caching
                   fault probabilities},
  volume =        {9},
  year =          {1999},
}

@incollection{dobrow1995move,
  author =        {Dobrow, Robert P and Fill, James Allen},
  booktitle =     {Discrete Probability and Algorithms},
  pages =         {57--80},
  publisher =     {Springer},
  title =         {The move-to-front rule for self-organizing lists with
                   {Markov} dependent requests},
  year =          {1995},
}

@article{rodrigues1995performance,
  author =        {Rodrigues, Eliane R},
  journal =       {Journal of applied probability},
  pages =         {1089--1102},
  title =         {The performance of the move-to-front scheme under
                   some particular forms of {Markov} requests},
  year =          {1995},
}

@article{jelenkovic1999performance,
  author =        {Edward G. Coffman and Predrag Jelenkovi{\'c}},
  journal =       {Operations Research Letters},
  pages =         {109--118},
  title =         {Performance of the move-to-front algorithm with
                   {Markov-modulated} request sequences},
  volume =        {25},
  year =          {1999},
}

@article{jelenkovic2004least,
  author =        {Jelenkovi{\'c}, Predrag R and Radovanovi{\'c}, Ana},
  journal =       {Theoretical computer science},
  pages =         {293--327},
  title =         {Least-recently-used caching with dependent requests},
  volume =        {326},
  year =          {2004},
}

@article{panagakis2008approximate,
  author =        {Panagakis, Antonis and Vaios, Athanasios and
                   Stavrakakis, Ioannis},
  journal =       {Computer Networks},
  pages =         {1142--1152},
  title =         {Approximate analysis of {LRU} in the case of short
                   term correlations},
  volume =        {52},
  year =          {2008},
}

@article{psounis2004modeling,
  author =        {Psounis, Konstantinos and Zhu, An and
                   Prabhakar, Balaji and Motwani, Rajeev},
  journal =       {Computer Networks},
  pages =         {379--398},
  title =         {Modeling correlations in web traces and implications
                   for designing replacement policies},
  volume =        {45},
  year =          {2004},
}

@inproceedings{gallo2012performance,
  author =        {Gallo, Massimo and Kauffmann, Bruno and
                   Muscariello, Luca and Simonian, Alain and
                   Tanguy, Christian},
  booktitle =     {ACM SIGMETRICS/ PERFORMANCE},
  pages =         {395--396},
  title =         {Performance evaluation of the random replacement
                   policy for networks of caches},
  year =          {2012},
}

@article{young2000line,
  author =        {Young, Neal E},
  journal =       {Journal of Algorithms},
  pages =         {218--235},
  title =         {Online paging against adversarially biased random
                   inputs},
  volume =        {37},
  year =          {2000},
}

@article{o1999optimality,
  author =        {O'Neil, Elizabeth J and O'Neil, Patrick E and
                   Weikum, Gerhard},
  journal =       {JACM},
  pages =         {92--112},
  title =         {An optimality proof of the {LRU-K} page replacement
                   algorithm},
  volume =        {46},
  year =          {1999},
}

@inproceedings{fricker2012versatile,
  author =        {Fricker, Christine and Robert, Philippe and
                   Roberts, James},
  booktitle =     {ITC},
  pages =         {8},
  title =         {A versatile and accurate approximation for {LRU}
                   cache performance},
  year =          {2012},
}

@inproceedings{martina13,
  author =        {Martina, Valentina and Garetto, Michele and
                   Leonardi, Emilio},
  booktitle =     {IEEE INFOCOM},
  title =         {A unified approach to the performance analysis of
                   caching systems.},
  year =          {2014},
}

@article{Berger20142,
  author =        {Daniel S. Berger and Philipp Gland and Sahil Singla and
                   Florin Ciucu},
  journal =       {Perform. Eval.},
  note =          {Special Issue: Performance 2014},
  pages =         {2 - 23},
  title =         {Exact analysis of {TTL} cache networks},
  volume =        {79},
  year =          {2014},
}

@inproceedings{olivier2013performance,
  author =        {Philippe Olivier and Alain Simonian},
  booktitle =     {VALUETOOLS},
  title =         {Performance of a cache with Random Replacement and
                   Zipf document popularity},
  year =          {2013},
}

@article{che2002hierarchical,
  author =        {Che, Hao and Tung, Ye and Wang, Zhijun},
  journal =       {IEEE JSAC},
  pages =         {1305--1314},
  title =         {Hierarchical web caching systems: Modeling, design
                   and experimental results},
  volume =        {20},
  year =          {2002},
}

@inproceedings{fricker2012lru,
  author =        {Fricker, Christine and Robert, Philippe and
                   Roberts, James},
  booktitle =     {International Teletraffic Congress},
  pages =         {8:1--8:8},
  title =         {A versatile and accurate approximation for {LRU}
                   cache performance},
  year =          {2012},
}

@article{osogami2010fluid,
  author =        {Osogami, Takayuki},
  journal =       {Advances in Applied Probability},
  number =        {3},
  pages =         {816--833},
  title =         {A fluid limit for a cache algorithm with general
                   request processes},
  volume =        {42},
  year =          {2010},
}

@article{bianchi2013check,
  author =        {Bianchi, Giuseppe and Detti, Andrea and
                   Caponi, Alberto and Blefari Melazzi, Nicola},
  journal =       {ACM SIGCOMM Computer Communication Review},
  number =        {3},
  pages =         {59--67},
  publisher =     {ACM},
  title =         {Check before storing: what is the performance price
                   of content integrity verification in {LRU} caching?},
  volume =        {43},
  year =          {2013},
}

@inproceedings{belady,
  author =        {L. A. Belady},
  booktitle =     {IBM Systems journal},
  pages =         {78--101},
  title =         {A study of replacement algorithms for a
                   virtual-storage computer.},
  volume =        {5},
  year =          {1996},
}

@inproceedings{mattson,
  author =        {Mattson, Richard L., et al},
  booktitle =     {IBM Systems journal},
  pages =         {78--117},
  title =         {Evaluation techniques for storage hierarchies.},
  volume =        {9},
  year =          {1970},
}

@inproceedings{chorbak,
  author =        {Chrobak, Marek and Woeginger, Gerhard J and
                   Makino, Kazuhisa and Xu, Haifeng},
  booktitle =     {Algorithmica},
  pages =         {781--794},
  title =         {Caching is hard—even in the fault model},
  volume =        {63},
  year =          {2012},
}

@book{vazirani2013approximation,
  author =        {Vazirani, Vijay V},
  publisher =     {Springer Science \& Business Media},
  title =         {Approximation algorithms},
  year =          {2013},
}

@article{folwarczny2017general,
  author =        {Folwarczn{\`y}, Luk{\'a}{\v{s}} and
                   Sgall, Ji{\v{r}}{\'\i}},
  journal =       {Algorithmica},
  number =        {2},
  pages =         {319--339},
  publisher =     {Springer},
  title =         {General caching is hard: Even with small pages},
  volume =        {79},
  year =          {2017},
}

@article{bar2001unified,
  author =        {Bar-Noy, Amotz and Bar-Yehuda, Reuven and Freund, Ari and
                   Naor, Joseph and Schieber, Baruch},
  journal =       {Journal of the ACM},
  number =        {5},
  pages =         {1069--1090},
  title =         {A unified approach to approximating resource
                   allocation and scheduling},
  volume =        {48},
  year =          {2001},
}

@inproceedings{irani1997page,
  author =        {Irani, Sandy},
  booktitle =     {ACM STOC},
  pages =         {701--710},
  title =         {Page replacement with multi-size pages and
                   applications to web caching},
  year =          {1997},
}

@inproceedings{albers1999page,
  author =        {Albers, Susanne and Arora, Sanjeev and
                   Khanna, Sanjeev},
  booktitle =     {SODA},
  pages =         {31--40},
  title =         {Page replacement for general caching problems},
  volume =        {99},
  year =          {1999},
}

@article{koufogiannakis2014nearly,
  author =        {Koufogiannakis, Christos and Young, Neal E},
  journal =       {Algorithmica},
  number =        {4},
  pages =         {648--674},
  publisher =     {Springer},
  title =         {A nearly linear-time {PTAS} for explicit fractional
                   packing and covering linear programs},
  volume =        {70},
  year =          {2014},
}

